@inbook{cochrane,
  author = {Cochrane, John H.},
  booktitle = {{NBER Macroeconomics Annual 2017, volume 32}},
  crossref = {NBEReich-4},
  month = jun,
  publisher = {University of Chicago Press},
  title = {Michelson-Morley, Fisher, and Occam},
  url = {http://www.nber.org/chapters/c13911},
  year = {2017},
  month_numeric = {6},
  subtitle = {The Radical Implications of Stable Quiet Inflation at the Zero Bound}}
}
@techreport{ri,
  address = {Brasília},
  author = {{Banco Central do Brasil}},
  number = {1},
  organization = {Governo Federal},
  title = {{Relatório de inflação}},
  volume = {19},
  year = {2017}
}
@hidden{baracho,
  author = {Baracho, José Alfredo de Oliveira},
  journal = {Cadernos de direito constitucinal e ciência política},
  title = {O princípio de subsidariedade},
  volume = {19},
  subtitle = {conceito e evolução}}
}
@article{barbosa,
  author = {Barbosa, Nelson},
  journal = {Valor Econômico},
  month = {24 fev.},
  title = {Taxa real de juro},
  url = {http://www.valor.com.br/cultura/4879800/taxa-real-de-juro-evolucao-e-perspectivas},
  urlaccessdate = {27 mar. 2017},
  year = {2017},
  subtitle = {evolução e perspectivas}}
}
@hidden{barile,
  address = {Bolonha},
  author = {Barile, Paolo},
  publisher = {Il Molino},
  title = {{Diritti dell'uomo e libertà fondamentali}},
  year = {1985}
}
@article{belluzo,
  author = {Belluzo, Luiz and Galípolo, Gabriel},
  journal = {Valor Econômico},
  month = {07 fev.},
  title = {{Metas de inflação e os ardis da razão}},
  url = {http://www.valor.com.br/opiniao/4860762/metas-de-inflacao-e-os-ardis-da-razao},
  urlaccessdate = {27 mar. 2017},
  year = {2017}
}
@book{blanchard,
  address = {São Paulo},
  author = {Blanchard, Olivier},
  edition = {4},
  furtherresp = {Tradução de Cláudia Martins e Mônica Rosemberg. Revisão Técnica: Eliezer Martins Diniz},
  publisher = {Pearson Prentice Hall},
  title = {{Macroeconomia}},
  year = {2007}
}
@hidden{Blinder,
  author = {Blinder, Alain S.},
  journal = {American Economic Review},
  month = may,
  pages = {240--243},
  title = {{Is There A Core of Practical Macroeconomics That We Should All Believe?}},
  volume = {87 (2)},
  year = {1997},
  month_numeric = {5}
}
@article{Bresser-Pereira1973,
  address = {São Paulo},
  author = {Bresser-Pereira, Luiz Carlos},
  keywords = {eficiência marginal do capital; função investimento},
  organization = {Fundação Getúlio Vargas},
  pages = {9},
  title = {{A função investimento e a eficiência marginal do capital}},
  url = {http://www.bresserpereira.org.br/works/casos/73.Fun%C3%A7%C3%A3oInvestimento_EficienciaMarginalDoCapital.pdf},
  urlaccessdate = {28 mai. 2017},
  year = {1973}
}
@hidden{brito2005,
  author = {Brito, XXX},
  title = {{XXX}},
  year = {2005}
}
@hidden{canotilho,
  author = {Canotilho, J. J. Gomes and Moreira, Vital},
  title = {{Fundamentos da Constituição}},
  year = {1987}
}
@inbook{carvalhosa1973,
  address = {São Paulo},
  author = {Carvalhosa, Modesto},
  booksubtitle = {Obras Complestas},
  booktitle = {{Direito Econômico}},
  edition = {2013},
  pages = {29--394},
  publisher = {Revista dos Tribunais},
  title = {{Direito Econômico}},
  year = {1973}
}
@inbook{carvalhosa1972,
  address = {São Paulo},
  author = {Carvalhosa, Modesto},
  booksubtitle = {Obras Complestas},
  booktitle = {{Direito Econômico}},
  edition = {2013},
  pages = {535--686},
  publisher = {Revista dos Tribunais},
  title = {{A Ordem Econômica na Constituição de 1969}},
  year = {1972}
}
@inbook{carvalhosa1967,
  address = {São Paulo},
  author = {Carvalhosa, Modesto},
  booksubtitle = {Obras Complestas},
  booktitle = {{Direito Econômico}},
  edition = {2013},
  pages = {403--527},
  publisher = {Revista dos Tribunais},
  title = {{Poder Econômico}},
  year = {1967}
}
@article{coutinho,
  author = {Coutinho, Luciano},
  journal = {Valor Econômico},
  month = {10 fev.},
  title = {{O porquê dos juros altos}},
  url = {http://www.valor.com.br/opiniao/4864602/o-porque-dos-juros-altos},
  urlaccessdate = {27 mar. 2017},
  year = {2017}
}
@misc{drummond,
  author = {Drummond, Arnaldo Fortes},
  title = {{Liberdade e economia na filosofia do direito de Hegel}},
  url = {http://www.fafich.ufmg.br/~leonarva/GT%20HEGEL_arquivos/Textosparavotar_arquivos/Arnaldo.pdf},
  urlaccessdate = {19 mai. 2017}
}
@hidden{eggertsson,
  author = {Eggertsson, Gauti},
  institution = {Federal Reserve Bank of New York},
  number = {433},
  series = {{Staff Report}},
  title = {{The Paradox of Toil}},
  type = {Working Paper},
  year = {2010}
}
@book{fortuna2015,
  address = {Rio de Janeiro},
  author = {Fortuna, Eduardo},
  edition = {20},
  publisher = {Qualitymark},
  subtitle = {Produtos e Serviços},
  title = {{Mercado Financeiro}},
  year = {2015}
}
@hidden{Gordon,
  author = {Gordon, Robert J.},
  doi = {10.3386/w5735},
  institution = {National Bureau of Economic Research},
  month = aug,
  number = {5735},
  series = {{Working Paper Series}},
  title = {{The Time-Varying NAIRU and its Implications for Economic Policy}},
  type = {Working Paper},
  url = {http://www.nber.org/papers/w5735},
  year = {1996},
  month_numeric = {8}
}
@hidden{guetzevitch,
  author = {Guetzévitch, Mirkine},
  title = {{As novas tendências do direito constitucional}},
  year = {1933}
}
@article{lisboapessoa,
  author = {Lisboa, Marcos and Pessoa, Samuel},
  journal = {Valor Econômico},
  month = {20 jan.},
  title = {{Nada de novo no debate monetário no Brasil}},
  url = {http://www.valor.com.br/cultura/4842254/nada-de-novo-no-debate-monetario-no-brasil},
  urlaccessdate = {27 mar. 2017},
  year = {2017}
}
@article{lopes,
  author = {Lopes, Francisco Lafaiete de Pádua},
  journal = {Valor Econômico},
  month = {17 fev.},
  title = {{André Cochrane e a teoria fiscal dos preços}},
  url = {http://www.valor.com.br/cultura/4872458/andre-cochrane-e-teoria-fiscal-dos-precos},
  urlaccessdate = {27 mar. 2017},
  year = {2017}
}
@article{loyo,
  author = {Loyo, Eduardo},
  journal = {Valor Econômico},
  month = {03 fev.},
  title = {Neofisherianismo},
  url = {http://www.valor.com.br/cultura/4857030/neofisherianismo-vai-entender},
  urlaccessdate = {27 mar. 2017},
  year = {2017},
  subtitle = {vai entender}}
}
@techreport{mankiw2000,
  author = {Mankiw, N. Gregory},
  doi = {10.3386/w7884},
  institution = {National Bureau of Economic Research},
  month = sep,
  number = {7884},
  series = {{Working Paper Series}},
  title = {{The Inexorable and Mysterious Tradeoff Between Inflation and Unemployment}},
  type = {Working Paper},
  url = {http://www.nber.org/papers/w7884},
  urlaccessdate = {23 jun. 2017},
  year = {2000},
  month_numeric = {9}
}
@techreport{mankiw2011,
  author = {Mankiw, N. Gregory and Weinzierl, Matthew C.},
  doi = {10.3386/w17029},
  institution = {National Bureau of Economic Research},
  month = may,
  number = {17029},
  series = {{Working Paper Series}},
  title = {{An Exploration of Optimal Stabilization Policy}},
  type = {Working Paper},
  url = {http://www.nber.org/papers/w17029},
  urlaccessdate = {23 jun. 2017},
  year = {2011},
  month_numeric = {5}
}
@book{mascaro,
  address = {São Paulo},
  author = {Mascaro, Alysson Leandro},
  edition = {1},
  publisher = {Boitempo editorial},
  title = {{Estado e forma política}},
  year = {2013}
}
@book{moraes,
  address = {São Paulo},
  author = {de Moraes, Alexandre},
  edition = {32},
  publisher = {Atlas},
  title = {{Direito Constitucional}},
  year = {2016}
}
@hidden{moreira,
  author = {Moreira, Vital},
  title = {{Economia e constituição}},
  year = {1974}
}
@article{nakano,
  author = {Nakano, Yoshiaki},
  journal = {Valor Econômico},
  month = {02 fev.},
  title = {Aritmética monetarista desagradável},
  url = {http://www.valor.com.br/opiniao/4855902/aritmetica-monetarista-desagradavel},
  urlaccessdate = {27 mar. 2017},
  year = {2017}
}
@inbook{Nusdeo,
  address = {São Paulo},
  author = {Nusdeo, Fábio},
  booksubtitle = {Obras Completas},
  booktitle = {Direito Econômico},
  note = {(Prefácio)},
  organization = {Modesto Carvalhosa},
  pages = {18--28},
  publisher = {Revista dos Tribunais},
  title = {Prefácio à obra ``{D}ireito {E}conômico"},
  year = {2013}
}
@book{passosnogami,
  address = {São Paulo},
  author = {Passos, Carlos Roberto Martins and Nogami, Otto},
  edition = {6},
  publisher = {Cengage Learning},
  title = {{Princípios de Economia}},
  year = {2012}
}
@article{pereira,
  address = {São Paulo},
  author = {Pereira, José Maria Dias},
  journal = {Revista de Economia Política},
  title = {{O centenário de Ignácio Rangel}},
  url = {doi:10.1590/S0101-31572014000400003},
  urlaccessdate = {27 mai. 2017},
  volume = {34},
  year = {2014}
}
@inbook{rangel1956,
  address = {Rio de Janeiro},
  author = {Rangel, Ignácio},
  booksubtitle = {Obras Reunidas},
  booktitle = {{Ignácio Rangel}},
  edition = {3},
  organization = {César Benjamin},
  pages = {203--283},
  publisher = {Contraponto},
  title = {{Desenvolvimento e Projeto}},
  volume = {1},
  year = {2012}
}
@inbook{rangel1957,
  address = {Rio de Janeiro},
  author = {Rangel, Ignácio},
  booksubtitle = {Obras Reunidas},
  booktitle = {{Ignácio Rangel}},
  edition = {3},
  organization = {César Benjamin},
  pages = {285--353},
  publisher = {Contraponto},
  title = {{Dualidade Básica da Economia Brasileira}},
  volume = {1},
  year = {2012}
}
@inbook{rangel1960,
  address = {Rio de Janeiro},
  author = {Rangel, Ignácio},
  booksubtitle = {Obras Reunidas},
  booktitle = {{Ignácio Rangel}},
  edition = {3},
  organization = {César Benjamin},
  pages = {185--188},
  publisher = {Contraponto},
  title = {{Inflação e Desenvolvimento}},
  volume = {2},
  year = {2012}
}
@inbook{rangel1961,
  address = {Rio de Janeiro},
  author = {Rangel, Ignácio},
  booksubtitle = {Obras Reunidas},
  booktitle = {{Ignácio Rangel}},
  edition = {3},
  organization = {César Benjamin},
  pages = {228--230},
  publisher = {Contraponto},
  title = {{O papel da inflação}},
  volume = {2},
  year = {2012}
}
@inbook{rangel1963,
  address = {Rio de Janeiro},
  author = {Rangel, Ignácio},
  booksubtitle = {Obras Reunidas},
  booktitle = {{Ignácio Rangel}},
  edition = {3},
  organization = {César Benjamin},
  pages = {551--679},
  publisher = {Contraponto},
  title = {{A Inflação Brasileira}},
  volume = {1},
  year = {2012}
}
@inbook{rangel1983,
  address = {Rio de Janeiro},
  author = {Rangel, Ignácio},
  booksubtitle = {Obras Reunidas},
  booktitle = {{Ignácio Rangel}},
  edition = {3},
  organization = {César Benjamin},
  pages = {411--412},
  publisher = {Contraponto},
  title = {{Desindexação}},
  volume = {2},
  year = {2012}
}
@inbook{rangel1985a,
  address = {Rio de Janeiro},
  author = {Rangel, Ignácio},
  booksubtitle = {Obras Reunidas},
  booktitle = {{Ignácio Rangel}},
  edition = {3},
  organization = {César Benjamin},
  pages = {464--466},
  publisher = {Contraponto},
  title = {{A inflação e os Juros}},
  volume = {2},
  year = {2012}
}
@inbook{rangel1985b,
  address = {Rio de Janeiro},
  author = {Rangel, Ignácio},
  booksubtitle = {Obras Reunidas},
  booktitle = {{Ignácio Rangel}},
  edition = {3},
  organization = {César Benjamin},
  pages = {466--469},
  publisher = {Contraponto},
  title = {{A lei e o juro}},
  volume = {2},
  year = {2012}
}
@inbook{rangel1987,
  address = {Rio de Janeiro},
  author = {Rangel, Ignácio},
  booksubtitle = {Obras Reunidas},
  booktitle = {{Ignácio Rangel}},
  edition = {3},
  organization = {César Benjamin},
  pages = {712--725},
  publisher = {Contraponto},
  title = {{O papel dos serviços de utilidade pública}},
  volume = {2},
  year = {2012}
}
@inbook{rangel1987a,
  address = {Rio de Janeiro},
  author = {Rangel, Ignácio},
  booksubtitle = {Obras Reunidas},
  booktitle = {{Ignácio Rangel}},
  edition = {3},
  organization = {César Benjamin},
  pages = {409--549},
  publisher = {Contraponto},
  title = {{Economia Brasileira Contemporânea}},
  volume = {2},
  year = {2012}
}
@article{resende1,
  author = {Resende, André Lara},
  journal = {Valor Econômico},
  month = {13 jan.},
  title = {{Juros e Conservadorismo Intelectual}},
  url = {http://www.valor.com.br/cultura/4834784/juros-e-conservadorismo-intelectual},
  urlaccessdate = {27 mar. 2017},
  year = {2017}
}
@article{resende2,
  author = {Resende, André Lara},
  journal = {Valor Econômico},
  month = {27 jan.},
  title = {{Teoria, prática e bom senso}},
  url = {http://www.valor.com.br/cultura/4849060/teoria-pratica-e-bom-senso},
  urlaccessdate = {27 mar. 2017},
  year = {2017}
}
@book{resende2017,
  address = {São Paulo},
  author = {Resende, André Lara},
  edition = {1},
  publisher = {Portfolio-Penguin},
  subtitle = {teorias monetárias e controvérsias políticas},
  title = {{Juros, Moeda e Ortodoxia}},
  year = {2017}
}
@book{rossetti,
  address = {São Paulo},
  author = {Rossetti, José Paschoal},
  edition = {20},
  publisher = {Atlas},
  title = {{Introdução à Economia}},
  year = {2014}
}
@book{beatrizselan,
  address = {Rio de Janeiro},
  author = {Selan, Beatriz},
  publisher = {SESES},
  title = {{Mercado Financeiro}},
  url = {https://www.passeidireto.com/disciplina/mercado-financeiro?arquivo=25937863},
  urlaccessdate = {19 mai. 2017},
  year = {2014}
}
@book{Seldom,
  author = {Seldom and Pennance},
  editor = {Bloch},
  title = {{Dic. de Economia}},
  vol = {1},
  year = {1968}
}
@article{senna,
  author = {Senna, José Júlio},
  journal = {Valor Econômico},
  title = {{Taxa de Juros e Inflação}},
  url = {http://www.valor.com.br/cultura/4864408/taxa-de-juros-e-inflacao},
  urlaccessdate = {27 mar. 2017},
  year = {2017}
}
@book{singer,
  address = {São Paulo},
  author = {Singer, Paul},
  date-added = {2013-08-21 13:56:10 +0000},
  date-modified = {2013-08-21 13:56:10 +0000},
  edition = {6},
  organization = {https://www.passeidireto.com/arquivo/19292334/o-que-e-economia---paul-singer},
  publisher = {Contexto},
  title = {{O que é economia}},
  urlaccessdate = {12 abr 2017},
  year = {2005}
}
@misc{reuters,
  author = {Spicer, Jonathan},
  publisher = {reuters},
  title = {{In historic shift, Fed sets inflation target}},
  url = {http://www.reuters.com/article/us-usa-fed-inflation-target-idUSTRE80O25C20120126},
  urlaccessdate = {25 mai. 2017},
  year = {2012}
}
@book{weber,
  address = {São Paulo},
  author = {Weber, Max},
  publisher = {Cultrix},
  title = {Ciência e Política},
  url = {http://geografialinks.com/site/wp-content/uploads/2010/03/Max_Weber_-_Cincia_e_Poltica.pdf},
  urlaccessdate = {19 mai. 2017},
  year = {1997},
  subtitle = {duas vocações}}
}
@misc{historia,
  author = {Wikipedia},
  title = {{História --- {W}ikipedia{,} The Free Encyclopedia}},
  url = {https://pt.wikipedia.org/wiki/Hist%C3%B3ria},
  urlaccessdate = {19 mai. 2017},
  year = {2017}
}
@misc{inflationtargeting,
  author = {Wikipedia},
  subtitle = {Estimando diferentes formas de Curva de Phillips},
  title = {{Inflation Targeting --- {W}ikipedia{,} The Free Encyclopedia}},
  url = {https://en.wikipedia.org/wiki/Inflation_targeting},
  urlaccessdate = {25 mai. 2017},
  year = {2017}
}
@misc{religiao,
  author = {Wikipedia},
  title = {{Ciência da religião --- {W}ikipedia{,} The Free Encyclopedia}},
  url = {https://pt.wikipedia.org/wiki/Ci%C3%AAncia_da_religi%C3%A3o},
  urlaccessdate = {19 mai. 2017},
  year = {2017}
}
@unpublished{wilher,
  author = {Wilher, Vítor},
  title = {{Curso de Macroeconometria usando o {R}}},
  url = {http://analisemacro.com.br}
}
@book{zizek1996,
  address = {Rio de Janeiro},
  author = {Zizek, Slavoj},
  publisher = {Contraponto},
  title = {{Um mapa da ideologia}},
  url = {http://petdireito.ufsc.br/wp-content/uploads/2014/06/link.pdf},
  urlaccessdate = {20 mai. 2017},
  year = {1996}
}
@misc{debate,
  address = {Brasil},
  editor = {{Valor Econômico}},
  journal = {Valor Econômico},
  title = {{Debate dos Juros}},
  url = {http://www.valor.com.br/debatedosjuros},
  urlaccessdate = {27 mar. 2017},
  year = {2017}
}
@misc{fed1,
  address = {Washington, EUA},
  organization = {Federal Reserve},
  title = {{Overview of the Federal Reserve System}},
  url = {https://www.federalreserve.gov/aboutthefed/files/pf_1.pdf},
  urlaccessdate = {23 mai. 2017}
}
@misc{fed2,
  address = {Washington, EUA},
  organization = {Federal Reserve},
  title = {{The Three Key System Entities}},
  url = {https://www.federalreserve.gov/aboutthefed/files/pf_2.pdf},
  urlaccessdate = {23 mai. 2017}
}
@misc{SGS,
  organization = {Banco Central do Brasil},
  title = {{Séries Temporais}},
  url = {http://www3.bcb.gov.br/sgspub},
  urlaccessdate = {07 jun. 2017},
  year = {2017}
}
@article{brasil2011,
  address = {Brasília, DF},
  journal = {Diário Oficial da República Federativa do Brasil},
  month = {08 dez.},
  organization = {Brasil},
  title = {{Lei nº 12.543, de 08 de dezembro de 2011. Autoriza o Conselho Monetário Nacional, para fins de política monetária e cambial, a estabelecer condições específicas para negociação de contratos derivativos; altera os arts. 2º e 3º da Lei no 6.385, de 7 de dezembro de 1976, o inciso IV do art. 3º do Decreto-Lei nº 1.783, de 18 de abril de 1980, os arts. 1º, 2º e 3º da Lei nº 8.894, de 21 de junho de 1994, e a Lei nº 10.931, de 2 de agosto de 2004; e dá outras providências.}},
  url = {http://www.planalto.gov.br/ccivil_03/_Ato2011-2014/2011/Lei/L12543.htm},
  urlaccessdate = {23 mai. 2017},
  year = {2011}
}
@article{ec40,
  address = {Brasília},
  month = {29 mai.},
  organization = {Brasil},
  title = {{Constituição (1988). Emenda constitucional nº 40, de 29 de maio de 2003. Altera o inciso V do art. 163 e o art. 192 da Constituição Federal, e o caput do art. 52 do Ato das Disposições Constitucionais Transitórias.}},
  url = {http://www.planalto.gov.br/ccivil_03/constituicao/Emendas/Emc/emc40.htm#art2},
  urlaccessdate = {23 mai. 2017},
  year = {2003}
}
@article{bcb2002,
  address = {Brasília, DF},
  journal = {Diário Oficial da República Federativa do Brasil},
  month = {28 nov.},
  organization = {{Banco Central do Brasil}},
  title = {{Resolução n.º 3.040, de 28 de novembro de 2002. Dispõe sobre os requisitos e procedimentos para a constituição, a autorização para funcionamento, a transferência de controle societário e a reorganização societária, bem como para o cancelamento da autorização para funcionamento das instituições que especifica.}},
  url = {http://www.bcb.gov.br/pre/normativos/res/2002/pdf/res_3040_v4_L.pdf},
  urlaccessdate = {23 mai. 2017},
  year = {2002}
}
@article{brasil2002,
  address = {Brasília, DF},
  journal = {Diário Oficial da República Federativa do Brasil},
  month = {26 fev.},
  organization = {Brasil},
  title = {{Lei nº 10.411, de 26 de fevereiro de 2002. Altera e acresce dispositivos à Lei no 6.385, de 7 de dezembro de 1976, que dispõe sobre o mercado de valores mobiliários e cria a ComisSão de Valores Mobiliários.}},
  url = {http://www.planalto.gov.br/ccivil_03/LEIS/2002/L10411.htm},
  urlaccessdate = {23 mai. 2017},
  year = {2002}
}
@article{brasil2001a,
  address = {Brasília, DF},
  journal = {Diário Oficial da República Federativa do Brasil},
  month = {31 out.},
  organization = {Brasil},
  title = {{Lei nº 10.303, de 31 de outubro de 2001. Altera e acrescenta dispositivos na Lei no 6.404, de 15 de dezembro de 1976, que dispõe sobre as Sociedades por Ações, e na Lei no 6.385, de 7 de dezembro de 1976, que dispõe sobre o mercado de valores mobiliários e cria a ComisSão de Valores Mobiliários.}},
  url = {http://www.planalto.gov.br/ccivil_03/leis/LEIS_2001/L10303.htm},
  urlaccessdate = {23 mai. 2017},
  year = {2001}
}
@article{brasil2001b,
  address = {Brasília, DF},
  journal = {Diário Oficial da República Federativa do Brasil},
  month = {31 out.},
  organization = {Brasil},
  title = {{Decreto nº 3.995, de 31 de outubro de 2001. Altera e acresce dispositivos à Lei no 6.385, de 7 de dezembro de 1976, que dispõe sobre o mercado de valores mobiliários, nas matérias reservadas a decreto.}},
  url = {http://www.planalto.gov.br/ccivil_03/decreto/2001/D3995.htm},
  urlaccessdate = {23 mai. 2017},
  year = {2001}
}
@article{brasil1999,
  address = {Brasília, DF},
  journal = {Diário Oficial da República Federativa do Brasil},
  month = {11 jun.},
  organization = {Brasil},
  title = {{Decreto nº 3.088, de 21 de junho de 1999. Estabelece a sistemática de "metas para a inflação" como diretriz para fixação do regime de política monetária e dá outras providências.}},
  url = {http://www.planalto.gov.br/ccivil_03/decreto/D3088.htm},
  urlaccessdate = {23 mai. 2017},
  year = {1999}
}
@article{brasil1995,
  address = {Brasília, DF},
  journal = {Diário Oficial da República Federativa do Brasil},
  month = {29 jun.},
  organization = {Brasil},
  title = {{Lei nº 9.069, de 29 de junho de 1995. Dispõe sobre o Plano Real, o Sistema Monetário Nacional, estabelece as regras e condições de emisSão do REAL e os critérios para converSão das obrigações para o Real, e dá outras providências.}},
  url = {http://www2.camara.leg.br/legin/fed/lei/1995/lei-9069-29-junho-1995-372117-normaatualizada-pl.html},
  urlaccessdate = {23 mai. 2017},
  year = {1995}
}
@article{brasil1994,
  address = {Brasília, DF},
  journal = {Diário Oficial da República Federativa do Brasil},
  month = {30 jun.},
  organization = {Brasil},
  title = {{Medida Provisória nº 542, de 30 de junho de 1994. Dispõe sobre o Plano Real, o Sistema Monetário Nacional, estabelece as regras e condições de emisSão do REAL e os critérios para converSão das obrigações para o Real, e dá outras providências.}},
  url = {http://www2.camara.leg.br/legin/fed/medpro/1994/medidaprovisoria-542-30-junho-1994-375071-norma-pe.html},
  urlaccessdate = {23 mai. 2017},
  year = {1994}
}
@book{cf88,
  address = {Brasília, DF},
  month = {5 out.},
  organization = {Brasil},
  publisher = {Senado},
  title = {{Constituição da República Federativa do Brasil}},
  type = {Constituição (1988)},
  url = {http://www.planalto.gov.br/ccivil_03/constituicao/constituicaocompilado.htm},
  urlaccessdate = {23 mai. 2017},
  year = {1988}
}
@article{brasil1986,
  address = {Brasília, DF},
  journal = {Diário Oficial da República Federativa do Brasil},
  month = {21 nov.},
  organization = {Brasil},
  title = {{Decreto-Lei nº 2.291, de 21 de novembro de 2002. Extingue o Banco Nacional da Habitação - {BNH}, e dá outras Providências.}},
  url = {http://www.planalto.gov.br/ccivil_03/decreto-lei/del2291.htm},
  urlaccessdate = {23 mai. 2017},
  year = {1986}
}
@article{publaw95-188,
  address = {Washington, DC},
  journal = {U.S. Code},
  month = {16 nov.},
  org-short = {US Congress},
  organization = {{United States Congress}},
  section = {Title 12},
  title = {{Public Law 95-188}},
  url = {http://uscode.house.gov/statviewer.htm?volume=91&page=1387},
  urlaccessdate = {23 mai. 2017},
  year = {1977}
}
@article{brasil1976a,
  address = {Brasília, DF},
  journal = {Diário Oficial da República Federativa do Brasil},
  month = {07 dez.},
  organization = {Brasil},
  title = {{Lei nº 6.385, de 07 de dezembro de 1976. Dispõe sobre o mercado de valores mobiliários e cria a ComisSão de Valores Mobiliários.}},
  url = {http://www.planalto.gov.br/ccivil_03/leis/L6385.htm},
  urlaccessdate = {23 mai. 2017},
  year = {1976}
}
@article{brasil1976b,
  address = {Brasília, DF},
  journal = {Diário Oficial da República Federativa do Brasil},
  month = {15 dez.},
  organization = {Brasil},
  title = {{Lei nº 6.404, de 15 de dezembro de 1976. Dispõe sobre as Sociedades por Ações.}},
  url = {http://www.planalto.gov.br/ccivil_03/leis/L6404compilada.htm},
  urlaccessdate = {23 mai. 2017},
  year = {1976}
}
@article{brasil1965,
  address = {Brasília, DF},
  journal = {Diário Oficial da República Federativa do Brasil},
  month = {14 jul.},
  organization = {Brasil},
  title = {{Lei nº 4.728, de 14 de julho de 1965. Disciplina o mercado de capitais e estabelece medidas para o seu desenvolvimento.}},
  url = {http://www.planalto.gov.br/ccivil_03/leis/L4728.htm},
  urlaccessdate = {23 mai. 2017},
  year = {1965}
}
@article{brasil1964a,
  address = {Brasília, DF},
  journal = {Diário Oficial da República Federativa do Brasil},
  month = {16 jul.},
  organization = {Brasil},
  title = {{Lei nº 4.357, de 16 de julho de 1964. Autoriza a emisSão de Obrigações do Tesouro Nacional, altera a legislação do impôsto sôbre a renda, e dá outras providências.}},
  url = {http://www.planalto.gov.br/ccivil_03/leis/L4357.htm},
  urlaccessdate = {23 mai. 2017},
  year = {1964}
}
@article{brasil1964b,
  address = {Brasília, DF},
  journal = {Diário Oficial da República Federativa do Brasil},
  month = {21 ago.},
  organization = {Brasil},
  title = {{Lei nº 4.380, de 21 de agosto de 1964. Institui a correção monetária nos contratos imobiliários de interêsse social, o sistema financeiro para aquisição da casa própria, cria o Banco Nacional da Habitação ({BNH}), e Sociedades de Crédito Imobiliário, as Letras Imobiliárias, o Serviço Federal de Habitação e Urbanismo e dá outras providências.}},
  url = {http://www.planalto.gov.br/ccivil_03/leis/L4380.htm},
  urlaccessdate = {23 mai. 2017},
  year = {1964}
}
@article{brasil1964c,
  address = {Brasília, DF},
  journal = {Diário Oficial da República Federativa do Brasil},
  month = {31 dez.},
  organization = {Brasil},
  title = {{Lei nº 4.595, de 31 de dezembro de 1964. Dispõe sobre a Política e as Instituições Monetárias, Bancárias e Creditícias, Cria o Conselho Monetário Nacional e dá outras providências.}},
  url = {http://www.planalto.gov.br/ccivil_03/leis/L4595.htm},
  urlaccessdate = {23 mai. 2017},
  year = {1964}
}
@misc{dudh,
  address = {Palais de Chaillot, Paris},
  month = {10 dez.},
  org-short = {ONU},
  organization = {Nacões Unidas},
  title = {{Declaração Universal dos Direitos Humanos}},
  url = {https://nacoesunidas.org/direitoshumanos/declaracao/},
  urlaccessdate = {23 mai. 2017},
  year = {1948}
}
@book{zizek2011,
  author = {Zizek, Slavoj},
  edition = {1},
  publisher = {Boitempo editorial},
  title = {{Em defesa das causas perdidas}},
  year = {2011}
}
